@ARTICLE{dwr17,
   author = {{Dumez-Viou}, C. and {Weber}, R. and {Ravier}, P.},
    title = "{Multi-Level Pre-Correlation RFI Flagging for Real-Time
                  Implementation on UniBoard}",
  journal = {Journal of Astronomical Instrumentation },
archivePrefix = "arXiv",
   eprint = {1703.00473},
 primaryClass = "astro-ph.IM",
 keywords = {RFI mitigation, pre-correlation techniques, flagging,
                  hardware implementation, FPGA, UniBoard},
     year = 2016,
    month = dec,
   volume = 5,
      eid = {1641019-408},
    pages = {1641019-408},
      doi = {10.1142/S2251171716410191},
   adsurl = {http://adsabs.harvard.edu/abs/2016JAI.....541019D},
  adsnote = {Provided by the SAO/NASA Astrophysics Data System}
}

@ARTICLE{ng10,
   author = {{Nita}, G.~M. and {Gary}, D.~E.},
    title = "{The generalized spectral kurtosis estimator}",
  journal = {\mnras},
archivePrefix = "arXiv",
   eprint = {1005.4371},
 primaryClass = "astro-ph.IM",
 keywords = {instrumentation: spectrographs, methods: statistical},
     year = 2010,
    month = jul,
   volume = 406,
    pages = {L60-L64},
      doi = {10.1111/j.1745-3933.2010.00882.x},
   adsurl = {http://adsabs.harvard.edu/abs/2010MNRAS.406L..60N},
  adsnote = {Provided by the SAO/NASA Astrophysics Data System}
}

@ARTICLE{nhmg16,
   author = {{Nita}, G.~M. and {Hickish}, J. and {MacMahon}, D. and
                  {Gary}, D.~E.  },
    title = "{EOVSA Implementation of a Spectral Kurtosis Correlator
                  for Transient Detection and Classification}",
  journal = {Journal of Astronomical Instrumentation },
archivePrefix = "arXiv",
   eprint = {1702.05391},
 primaryClass = "astro-ph.IM",
 keywords = {Instrumentation: interferometers, instrumentation:
                  spectrographs, methods: statistical, methods:
                  analytical},
     year = 2016,
    month = dec,
   volume = 5,
      eid = {1641009-7366},
    pages = {1641009-7366},
      doi = {10.1142/S2251171716410099},
   adsurl = {http://adsabs.harvard.edu/abs/2016JAI.....541009N},
  adsnote = {Provided by the SAO/NASA Astrophysics Data System}
}

@MASTERSTHESIS{wol16,
  author  = {{Wolfaardt} C.~J.},
  title   = "{Machine learning approach to radio frequency
                  interference (RFI) classification in Radio
                  Astronomy}",
  school  = {Stellenbosch University},
  year    = 2016,
  address = {Private Bag X1, Matieland, 7602, Stellenbosch, South Africa},
  month   = mar,
}

@ARTICLE{at17,
   author = {{Aniyan}, A.~K. and {Thorat}, K.},
    title = "{Classifying Radio Galaxies with the Convolutional Neural
                  Network}",
  journal = {\apjs},
archivePrefix = "arXiv",
   eprint = {1705.03413},
 primaryClass = "astro-ph.IM",
 keywords = {methods: miscellaneous, methods: observational, radio
                  continuum: galaxies, techniques: miscellaneous},
     year = 2017,
    month = jun,
   volume = 230,
      eid = {20},
    pages = {20},
      doi = {10.3847/1538-4365/aa7333},
   adsurl = {http://adsabs.harvard.edu/abs/2017ApJS..230...20A},
  adsnote = {Provided by the SAO/NASA Astrophysics Data System}
}

@ARTICLE{zbm+14,
   author = {{Zhu}, W.~W. and {Berndsen}, A. and {Madsen}, E.~C. and
                  {Tan}, M. and {Stairs}, I.~H. and {Brazier}, A. and
                  {Lazarus}, P. and {Lynch}, R. and {Scholz}, P. and
                  {Stovall}, K. and {Ransom}, S.~M. and {Banaszak},
                  S. and {Biwer}, C.~M. and {Cohen}, S. and {Dartez},
                  L.~P. and {Flanigan}, J. and {Lunsford}, G. and
                  {Martinez}, J.~G. and {Mata}, A. and {Rohr}, M. and
                  {Walker}, A. and {Allen}, B. and {Bhat},
                  N.~D.~R. and {Bogdanov}, S. and {Camilo}, F. and
                  {Chatterjee}, S. and {Cordes}, J.~M. and {Crawford},
                  F. and {Deneva}, J.~S. and {Desvignes}, G. and
                  {Ferdman}, R.~D. and {Freire}, P.~C.~C. and
                  {Hessels}, J.~W.~T. and {Jenet}, F.~A. and {Kaplan},
                  D.~L. and {Kaspi}, V.~M. and {Knispel}, B. and
                  {Lee}, K.~J. and {van Leeuwen}, J. and {Lyne},
                  A.~G. and {McLaughlin}, M.~A. and {Siemens}, X. and
                  {Spitler}, L.~G. and {Venkataraman}, A.},
    title = "{Searching for Pulsars Using Image Pattern Recognition}",
  journal = {\apj},
archivePrefix = "arXiv",
   eprint = {1309.0776},
 primaryClass = "astro-ph.IM",
 keywords = {methods: data analysis, pulsars: general, stars: neutron,
                  techniques: image processing},
     year = 2014,
    month = feb,
   volume = 781,
      eid = {117},
    pages = {117},
      doi = {10.1088/0004-637X/781/2/117},
   adsurl = {http://adsabs.harvard.edu/abs/2014ApJ...781..117Z},
  adsnote = {Provided by the SAO/NASA Astrophysics Data System}
}

@ARTICLE{zgf+18,
   author = {{Zhang}, Y.~G. and {Gajjar}, V. and {Foster}, G. and
                  {Siemion}, A. and {Cordes}, J. and {Law}, C. and
                  {Wang}, Y.},
    title = "{Fast Radio Burst 121102 Pulse Detection and Periodicity:
                  A Machine Learning Approach}",
  journal = {ArXiv e-prints},
archivePrefix = "arXiv",
   eprint = {1809.03043},
 primaryClass = "astro-ph.HE",
 keywords = {Astrophysics - High Energy Astrophysical Phenomena,
                  Astrophysics - Instrumentation and Methods for
                  Astrophysics},
     year = 2018,
    month = sep,
   adsurl = {http://adsabs.harvard.edu/abs/2018arXiv180903043Z},
  adsnote = {Provided by the SAO/NASA Astrophysics Data System}
}

