@ARTICLE{dwr17,
   author = {{Dumez-Viou}, C. and {Weber}, R. and {Ravier}, P.},
    title = "{Multi-Level Pre-Correlation RFI Flagging for Real-Time
                  Implementation on UniBoard}",
  journal = {Journal of Astronomical Instrumentation },
archivePrefix = "arXiv",
   eprint = {1703.00473},
 primaryClass = "astro-ph.IM",
 keywords = {RFI mitigation, pre-correlation techniques, flagging,
                  hardware implementation, FPGA, UniBoard},
     year = 2016,
    month = dec,
   volume = 5,
      eid = {1641019-408},
    pages = {1641019-408},
      doi = {10.1142/S2251171716410191},
   adsurl = {http://adsabs.harvard.edu/abs/2016JAI.....541019D},
  adsnote = {Provided by the SAO/NASA Astrophysics Data System}
}

@ARTICLE{ng10,
   author = {{Nita}, G.~M. and {Gary}, D.~E.},
    title = "{The generalized spectral kurtosis estimator}",
  journal = {\mnras},
archivePrefix = "arXiv",
   eprint = {1005.4371},
 primaryClass = "astro-ph.IM",
 keywords = {instrumentation: spectrographs, methods: statistical},
     year = 2010,
    month = jul,
   volume = 406,
    pages = {L60-L64},
      doi = {10.1111/j.1745-3933.2010.00882.x},
   adsurl = {http://adsabs.harvard.edu/abs/2010MNRAS.406L..60N},
  adsnote = {Provided by the SAO/NASA Astrophysics Data System}
}

@ARTICLE{nhmg16,
   author = {{Nita}, G.~M. and {Hickish}, J. and {MacMahon}, D. and
                  {Gary}, D.~E.  },
    title = "{EOVSA Implementation of a Spectral Kurtosis Correlator
                  for Transient Detection and Classification}",
  journal = {Journal of Astronomical Instrumentation },
archivePrefix = "arXiv",
   eprint = {1702.05391},
 primaryClass = "astro-ph.IM",
 keywords = {Instrumentation: interferometers, instrumentation:
                  spectrographs, methods: statistical, methods:
                  analytical},
     year = 2016,
    month = dec,
   volume = 5,
      eid = {1641009-7366},
    pages = {1641009-7366},
      doi = {10.1142/S2251171716410099},
   adsurl = {http://adsabs.harvard.edu/abs/2016JAI.....541009N},
  adsnote = {Provided by the SAO/NASA Astrophysics Data System}
}

@MASTERSTHESIS{wol16,
  author  = {{Wolfaardt} C.~J.},
  title   = "{Machine learning approach to radio frequency
                  interference (RFI) classification in Radio
                  Astronomy}",
  school  = {Stellenbosch University},
  year    = 2016,
  address = {Private Bag X1, Matieland, 7602, Stellenbosch, South Africa},
  month   = mar,
}

@ARTICLE{at17,
   author = {{Aniyan}, A.~K. and {Thorat}, K.},
    title = "{Classifying Radio Galaxies with the Convolutional Neural
                  Network}",
  journal = {\apjs},
archivePrefix = "arXiv",
   eprint = {1705.03413},
 primaryClass = "astro-ph.IM",
 keywords = {methods: miscellaneous, methods: observational, radio
                  continuum: galaxies, techniques: miscellaneous},
     year = 2017,
    month = jun,
   volume = 230,
      eid = {20},
    pages = {20},
      doi = {10.3847/1538-4365/aa7333},
   adsurl = {http://adsabs.harvard.edu/abs/2017ApJS..230...20A},
  adsnote = {Provided by the SAO/NASA Astrophysics Data System}
}

@ARTICLE{zbm+14,
   author = {{Zhu}, W.~W. and {Berndsen}, A. and {Madsen}, E.~C. and
                  {Tan}, M. and {Stairs}, I.~H. and {Brazier}, A. and
                  {Lazarus}, P. and {Lynch}, R. and {Scholz}, P. and
                  {Stovall}, K. and {Ransom}, S.~M. and {Banaszak},
                  S. and {Biwer}, C.~M. and {Cohen}, S. and {Dartez},
                  L.~P. and {Flanigan}, J. and {Lunsford}, G. and
                  {Martinez}, J.~G. and {Mata}, A. and {Rohr}, M. and
                  {Walker}, A. and {Allen}, B. and {Bhat},
                  N.~D.~R. and {Bogdanov}, S. and {Camilo}, F. and
                  {Chatterjee}, S. and {Cordes}, J.~M. and {Crawford},
                  F. and {Deneva}, J.~S. and {Desvignes}, G. and
                  {Ferdman}, R.~D. and {Freire}, P.~C.~C. and
                  {Hessels}, J.~W.~T. and {Jenet}, F.~A. and {Kaplan},
                  D.~L. and {Kaspi}, V.~M. and {Knispel}, B. and
                  {Lee}, K.~J. and {van Leeuwen}, J. and {Lyne},
                  A.~G. and {McLaughlin}, M.~A. and {Siemens}, X. and
                  {Spitler}, L.~G. and {Venkataraman}, A.},
    title = "{Searching for Pulsars Using Image Pattern Recognition}",
  journal = {\apj},
archivePrefix = "arXiv",
   eprint = {1309.0776},
 primaryClass = "astro-ph.IM",
 keywords = {methods: data analysis, pulsars: general, stars: neutron,
                  techniques: image processing},
     year = 2014,
    month = feb,
   volume = 781,
      eid = {117},
    pages = {117},
      doi = {10.1088/0004-637X/781/2/117},
   adsurl = {http://adsabs.harvard.edu/abs/2014ApJ...781..117Z},
  adsnote = {Provided by the SAO/NASA Astrophysics Data System}
}

@ARTICLE{zgf+18,
   author = {{Zhang}, Y.~G. and {Gajjar}, V. and {Foster}, G. and
                  {Siemion}, A. and {Cordes}, J. and {Law}, C. and
                  {Wang}, Y.},
    title = "{Fast Radio Burst 121102 Pulse Detection and Periodicity:
                  A Machine Learning Approach}",
  journal = {ArXiv e-prints},
archivePrefix = "arXiv",
   eprint = {1809.03043},
 primaryClass = "astro-ph.HE",
 keywords = {Astrophysics - High Energy Astrophysical Phenomena,
                  Astrophysics - Instrumentation and Methods for
                  Astrophysics},
     year = 2018,
    month = sep,
   adsurl = {http://adsabs.harvard.edu/abs/2018arXiv180903043Z},
  adsnote = {Provided by the SAO/NASA Astrophysics Data System}
}

@ARTICLE{mcl13,
   author = {{McLaughlin}, M.~A.},
    title = "{The North American Nanohertz Observatory for
                  Gravitational Waves}",
  journal = {Classical and Quantum Gravity},
archivePrefix = "arXiv",
   eprint = {1310.0758},
 primaryClass = "astro-ph.IM",
     year = 2013,
    month = nov,
   volume = 30,
   number = 22,
      eid = {224008},
    pages = {224008},
      doi = {10.1088/0264-9381/30/22/224008},
   adsurl = {http://adsabs.harvard.edu/abs/2013CQGra..30v4008M},
  adsnote = {Provided by the SAO/NASA Astrophysics Data System}
}

@ARTICLE{tve+15,
   author = {{Taylor}, S.~R. and {Vallisneri}, M. and {Ellis},
                  J.~A. and {Mingarelli}, C.~M.~F. and {Lazio},
                  T.~J.~W. and {van Haasteren}, R.  },
    title = "{Are We There Yet? Time to Detection of Nanohertz
                  Gravitational Waves Based on Pulsar-timing Array
                  Limits}",
  journal = {\apjl},
archivePrefix = "arXiv",
   eprint = {1511.05564},
 primaryClass = "astro-ph.IM",
 keywords = {gravitational waves, methods: data analysis, pulsars: general},
     year = 2016,
    month = mar,
   volume = 819,
      eid = {L6},
    pages = {L6},
      doi = {10.3847/2041-8205/819/1/L6},
   adsurl = {http://adsabs.harvard.edu/abs/2016ApJ...819L...6T},
  adsnote = {Provided by the SAO/NASA Astrophysics Data System}
}

@ARTICLE{abb+18,
   author = {{Arzoumanian}, Z. and {Baker}, P.~T. and {Brazier},
                  A. and {Burke-Spolaor}, S. and {Chamberlin},
                  S.~J. and {Chatterjee}, S. and {Christy}, B. and
                  {Cordes}, J.~M. and {Cornish}, N.~J. and {Crawford},
                  F. and {Thankful Cromartie}, H. and {Crowter},
                  K. and {DeCesar}, M. and {Demorest}, P.~B. and
                  {Dolch}, T. and {Ellis}, J.~A. and {Ferdman},
                  R.~D. and {Ferrara}, E. and {Folkner}, W.~M. and
                  {Fonseca}, E. and {Garver-Daniels}, N. and
                  {Gentile}, P.~A. and {Haas}, R. and {Hazboun},
                  J.~S. and {Huerta}, E.~A. and {Islo}, K. and
                  {Jones}, G. and {Jones}, M.~L. and {Kaplan},
                  D.~L. and {Kaspi}, V.~M. and {Lam}, M.~T. and
                  {Lazio}, T.~J.~W. and {Levin}, L. and {Lommen},
                  A.~N. and {Lorimer}, D.~R. and {Luo}, J. and
                  {Lynch}, R.~S. and {Madison}, D.~R. and
                  {McLaughlin}, M.~A. and {McWilliams}, S.~T. and
                  {Mingarelli}, C.~M.~F. and {Ng}, C. and {Nice},
                  D.~J. and {Park}, R.~S. and {Pennucci}, T.~T. and
                  {Pol}, N.~S. and {Ransom}, S.~M. and {Ray},
                  P.~S. and {Rasskazov}, A. and {Siemens}, X. and
                  {Simon}, J. and {Spiewak}, R. and {Stairs},
                  I.~H. and {Stinebring}, D.~R. and {Stovall}, K. and
                  {Swiggum}, J. and {Taylor}, S.~R. and {Vallisneri},
                  M. and {van Haasteren}, R. and {Vigeland}, S. and
                  {Zhu}, W.~W. and {NANOGrav Collaboration} },
    title = "{The NANOGrav 11 Year Data Set: Pulsar-timing Constraints
                  on the Stochastic Gravitational-wave Background}",
  journal = {\apj},
archivePrefix = "arXiv",
   eprint = {1801.02617},
 primaryClass = "astro-ph.HE",
 keywords = {ephemerides, gravitational waves, inflation, methods:
                  data analysis, pulsars: general, quasars:
                  supermassive black holes},
     year = 2018,
    month = may,
   volume = 859,
      eid = {47},
    pages = {47},
      doi = {10.3847/1538-4357/aabd3b},
   adsurl = {http://adsabs.harvard.edu/abs/2018ApJ...859...47A},
  adsnote = {Provided by the SAO/NASA Astrophysics Data System}
}

@ARTICLE{abb+16,
   author = {{Arzoumanian}, Z. and {Brazier}, A. and {Burke-Spolaor},
                  S. and {Chamberlin}, S.~J. and {Chatterjee}, S. and
                  {Christy}, B. and {Cordes}, J.~M. and {Cornish},
                  N.~J. and {Crowter}, K. and {Demorest}, P.~B. and
                  {Deng}, X. and {Dolch}, T. and {Ellis}, J.~A. and
                  {Ferdman}, R.~D. and {Fonseca}, E. and
                  {Garver-Daniels}, N. and {Gonzalez}, M.~E. and
                  {Jenet}, F. and {Jones}, G. and {Jones}, M.~L. and
                  {Kaspi}, V.~M. and {Koop}, M. and {Lam}, M.~T. and
                  {Lazio}, T.~J.~W. and {Levin}, L. and {Lommen},
                  A.~N. and {Lorimer}, D.~R. and {Luo}, J. and
                  {Lynch}, R.~S. and {Madison}, D.~R. and
                  {McLaughlin}, M.~A. and {McWilliams}, S.~T. and
                  {Mingarelli}, C.~M.~F. and {Nice}, D.~J. and
                  {Palliyaguru}, N. and {Pennucci}, T.~T. and
                  {Ransom}, S.~M. and {Sampson}, L. and {Sanidas},
                  S.~A. and {Sesana}, A. and {Siemens}, X. and
                  {Simon}, J. and {Stairs}, I.~H. and {Stinebring},
                  D.~R. and {Stovall}, K. and {Swiggum}, J. and
                  {Taylor}, S.~R. and {Vallisneri}, M. and {van
                  Haasteren}, R. and {Wang}, Y. and {Zhu}, W.~W. and
                  {NANOGrav Collaboration}},
    title = "{The NANOGrav Nine-year Data Set: Limits on the Isotropic
                  Stochastic Gravitational Wave Background}",
  journal = {\apj},
archivePrefix = "arXiv",
   eprint = {1508.03024},
 keywords = {gravitational waves, methods: data analysis, pulsars: general},
     year = 2016,
    month = apr,
   volume = 821,
      eid = {13},
    pages = {13},
      doi = {10.3847/0004-637X/821/1/13},
   adsurl = {http://adsabs.harvard.edu/abs/2016ApJ...821...13A},
  adsnote = {Provided by the SAO/NASA Astrophysics Data System}
}

@ARTICLE{hd83,
   author = {{Hellings}, R.~W. and {Downs}, G.~S.},
    title = "{Upper limits on the isotropic gravitational radiation
                  background from pulsar timing analysis}",
  journal = {\apjl},
 keywords = {Background Radiation, Cosmology, Gravitational Waves,
                  Pulsars, Time Measurement, Doppler Effect,
                  Gravitation Theory, Gravitational Wave Antennas,
                  Isotropy, Limits (Mathematics), Perturbation Theory,
                  Power Spectra, Spectral Energy Distribution,
                  Stochastic Processes},
     year = 1983,
    month = feb,
   volume = 265,
    pages = {L39-L42},
      doi = {10.1086/183954},
   adsurl = {http://adsabs.harvard.edu/abs/1983ApJ...265L..39H},
  adsnote = {Provided by the SAO/NASA Astrophysics Data System}
}

@ARTICLE{epe+16,
   author = {{Fonseca}, E. and {Pennucci}, T.~T. and {Ellis},
                  J.~A. and {Stairs}, I.~H. and {Nice}, D.~J. and
                  {Ransom}, S.~M. and {Demorest}, P.~B. and
                  {Arzoumanian}, Z. and {Crowter}, K. and {Dolch},
                  T. and {Ferdman}, R.~D. and {Gonzalez}, M.~E. and
                  {Jones}, G. and {Jones}, M.~L. and {Lam}, M.~T. and
                  {Levin}, L. and {McLaughlin}, M.~A. and {Stovall},
                  K. and {Swiggum}, J.~K. and {Zhu}, W.},
    title = "{The NANOGrav Nine-year Data Set: Mass and Geometric
                  Measurements of Binary Millisecond Pulsars}",
  journal = {\apj},
archivePrefix = "arXiv",
   eprint = {1603.00545},
 primaryClass = "astro-ph.HE",
 keywords = {binaries: close, gravitation, pulsars: general, stars:
                  evolution, stars: neutron},
     year = 2016,
    month = dec,
   volume = 832,
      eid = {167},
    pages = {167},
      doi = {10.3847/0004-637X/832/2/167},
   adsurl = {http://adsabs.harvard.edu/abs/2016ApJ...832..167F},
  adsnote = {Provided by the SAO/NASA Astrophysics Data System}
}

@ARTICLE{zsd+15,
   author = {{Zhu}, W.~W. and {Stairs}, I.~H. and {Demorest},
                  P.~B. and {Nice}, D.~J. and {Ellis}, J.~A. and
                  {Ransom}, S.~M. and {Arzoumanian}, Z. and {Crowter},
                  K. and {Dolch}, T. and {Ferdman}, R.~D. and
                  {Fonseca}, E. and {Gonzalez}, M.~E. and {Jones},
                  G. and {Jones}, M.~L. and {Lam}, M.~T. and {Levin},
                  L. and {McLaughlin}, M.~A. and {Pennucci}, T. and
                  {Stovall}, K. and {Swiggum}, J.},
    title = "{Testing Theories of Gravitation Using 21-Year Timing of
                  Pulsar Binary J1713+0747}",
  journal = {\apj},
archivePrefix = "arXiv",
   eprint = {1504.00662},
 primaryClass = "astro-ph.SR",
 keywords = {binaries: general, gravitation, parallaxes, pulsars:
                  individual: PSR J1713+0747, stars: neutron},
     year = 2015,
    month = aug,
   volume = 809,
      eid = {41},
    pages = {41},
      doi = {10.1088/0004-637X/809/1/41},
   adsurl = {http://adsabs.harvard.edu/abs/2015ApJ...809...41Z},
  adsnote = {Provided by the SAO/NASA Astrophysics Data System}
}

@BOOK{lk12,
   author = {{Lorimer}, D.~R. and {Kramer}, M.},
    title = "{Handbook of Pulsar Astronomy}",
booktitle = {Handbook of Pulsar Astronomy, by D.~R.~Lorimer ,
                  M.~Kramer, Cambridge, UK: Cambridge University
                  Press, 2012},
     year = 2012,
    month = oct,
publisher = {Cambridge University Press},
    place = {Cambridge},
   adsurl = {http://adsabs.harvard.edu/abs/2012hpa..book.....L},
  adsnote = {Provided by the SAO/NASA Astrophysics Data System}
}

@ARTICLE{css16,
   author = {{Cordes}, J.~M. and {Shannon}, R.~M. and {Stinebring},
                  D.~R.  },
    title = "{Frequency-dependent Dispersion Measures and Implications
                  for Pulsar Timing}",
  journal = {\apj},
archivePrefix = "arXiv",
   eprint = {1503.08491},
 primaryClass = "astro-ph.IM",
 keywords = {gravitational waves, ISM: structure, pulsars: general,
                  stars: neutron},
     year = 2016,
    month = jan,
   volume = 817,
      eid = {16},
    pages = {16},
      doi = {10.3847/0004-637X/817/1/16},
   adsurl = {http://adsabs.harvard.edu/abs/2016ApJ...817...16C},
  adsnote = {Provided by the SAO/NASA Astrophysics Data System}
}

@ARTICLE{lbm+07,
   author = {{Lorimer}, D.~R. and {Bailes}, M. and {McLaughlin},
                  M.~A. and {Narkevic}, D.~J. and {Crawford}, F.},
    title = "{A Bright Millisecond Radio Burst of Extragalactic
                  Origin}",
  journal = {Science},
archivePrefix = "arXiv",
   eprint = {0709.4301},
     year = 2007,
    month = nov,
   volume = 318,
    pages = {777},
      doi = {10.1126/science.1147532},
   adsurl = {http://adsabs.harvard.edu/abs/2007Sci...318..777L},
  adsnote = {Provided by the SAO/NASA Astrophysics Data System}
}

@ARTICLE{tsb+13,
   author = {{Thornton}, D. and {Stappers}, B. and {Bailes}, M. and
                  {Barsdell}, B. and {Bates}, S. and {Bhat},
                  N.~D.~R. and {Burgay}, M. and {Burke-Spolaor},
                  S. and {Champion}, D.~J. and {Coster}, P. and
                  {D'Amico}, N. and {Jameson}, A. and {Johnston},
                  S. and {Keith}, M. and {Kramer}, M. and {Levin},
                  L. and {Milia}, S. and {Ng}, C. and {Possenti},
                  A. and {van Straten}, W.  },
    title = "{A Population of Fast Radio Bursts at Cosmological
                  Distances}",
  journal = {Science},
archivePrefix = "arXiv",
   eprint = {1307.1628},
 primaryClass = "astro-ph.HE",
     year = 2013,
    month = jul,
   volume = 341,
    pages = {53-56},
      doi = {10.1126/science.1236789},
   adsurl = {http://adsabs.harvard.edu/abs/2013Sci...341...53T},
  adsnote = {Provided by the SAO/NASA Astrophysics Data System}
}

@ARTICLE{sch+14,
   author = {{Spitler}, L.~G. and {Cordes}, J.~M. and {Hessels},
                  J.~W.~T. and {Lorimer}, D.~R. and {McLaughlin},
                  M.~A. and {Chatterjee}, S. and {Crawford}, F. and
                  {Deneva}, J.~S. and {Kaspi}, V.~M. and {Wharton},
                  R.~S. and {Allen}, B. and {Bogdanov}, S. and
                  {Brazier}, A. and {Camilo}, F. and {Freire},
                  P.~C.~C. and {Jenet}, F.~A. and {Karako-Argaman},
                  C. and {Knispel}, B. and {Lazarus}, P. and {Lee},
                  K.~J. and {van Leeuwen}, J. and {Lynch}, R. and
                  {Ransom}, S.~M. and {Scholz}, P. and {Siemens},
                  X. and {Stairs}, I.~H. and {Stovall}, K. and
                  {Swiggum}, J.~K. and {Venkataraman}, A. and {Zhu},
                  W.~W. and {Aulbert}, C. and {Fehrmann}, H.},
    title = "{Fast Radio Burst Discovered in the Arecibo Pulsar ALFA
                  Survey}",
  journal = {\apj},
archivePrefix = "arXiv",
   eprint = {1404.2934},
 primaryClass = "astro-ph.HE",
 keywords = {pulsars: general},
     year = 2014,
    month = aug,
   volume = 790,
      eid = {101},
    pages = {101},
      doi = {10.1088/0004-637X/790/2/101},
   adsurl = {http://adsabs.harvard.edu/abs/2014ApJ...790..101S},
  adsnote = {Provided by the SAO/NASA Astrophysics Data System}
}

@ARTICLE{ssh+16a,
   author = {{Spitler}, L.~G. and {Scholz}, P. and {Hessels},
                  J.~W.~T. and {Bogdanov}, S. and {Brazier}, A. and
                  {Camilo}, F. and {Chatterjee}, S. and {Cordes},
                  J.~M. and {Crawford}, F. and {Deneva}, J. and
                  {Ferdman}, R.~D. and {Freire}, P.~C.~C. and {Kaspi},
                  V.~M. and {Lazarus}, P. and {Lynch}, R. and
                  {Madsen}, E.~C. and {McLaughlin}, M.~A. and {Patel},
                  C. and {Ransom}, S.~M. and {Seymour}, A. and
                  {Stairs}, I.~H. and {Stappers}, B.~W. and {van
                  Leeuwen}, J. and {Zhu}, W.~W.},
    title = "{A repeating fast radio burst}",
  journal = {\nat},
archivePrefix = "arXiv",
   eprint = {1603.00581},
 primaryClass = "astro-ph.HE",
     year = 2016,
    month = mar,
   volume = 531,
    pages = {202-205},
      doi = {10.1038/nature17168},
   adsurl = {http://adsabs.harvard.edu/abs/2016Natur.531..202S},
  adsnote = {Provided by the SAO/NASA Astrophysics Data System}
}

@ARTICLE{clw+17,
   author = {{Chatterjee}, S. and {Law}, C.~J. and {Wharton},
                  R.~S. and {Burke-Spolaor}, S. and {Hessels},
                  J.~W.~T. and {Bower}, G.~C. and {Cordes}, J.~M. and
                  {Tendulkar}, S.~P. and {Bassa}, C.~G. and
                  {Demorest}, P. and {Butler}, B.~J. and {Seymour},
                  A. and {Scholz}, P. and {Abruzzo}, M.~W. and
                  {Bogdanov}, S. and {Kaspi}, V.~M. and {Keimpema},
                  A. and {Lazio}, T.~J.~W. and {Marcote}, B. and
                  {McLaughlin}, M.~A. and {Paragi}, Z. and {Ransom},
                  S.~M. and {Rupen}, M. and {Spitler}, L.~G. and {van
                  Langevelde}, H.~J.  },
    title = "{A direct localization of a fast radio burst and its
                  host}",
  journal = {\nat},
archivePrefix = "arXiv",
   eprint = {1701.01098},
 primaryClass = "astro-ph.HE",
     year = 2017,
    month = jan,
   volume = 541,
    pages = {58-61},
      doi = {10.1038/nature20797},
   adsurl = {http://adsabs.harvard.edu/abs/2017Natur.541...58C},
  adsnote = {Provided by the SAO/NASA Astrophysics Data System}
}

@ARTICLE{tbc+17,
   author = {{Tendulkar}, S.~P. and {Bassa}, C.~G. and {Cordes},
                  J.~M. and {Bower}, G.~C. and {Law}, C.~J. and
                  {Chatterjee}, S. and {Adams}, E.~A.~K. and
                  {Bogdanov}, S. and {Burke-Spolaor}, S. and {Butler},
                  B.~J. and {Demorest}, P. and {Hessels}, J.~W.~T. and
                  {Kaspi}, V.~M. and {Lazio}, T.~J.~W. and {Maddox},
                  N. and {Marcote}, B. and {McLaughlin}, M.~A. and
                  {Paragi}, Z. and {Ransom}, S.~M. and {Scholz},
                  P. and {Seymour}, A. and {Spitler}, L.~G. and {van
                  Langevelde}, H.~J. and {Wharton}, R.~S.  },
    title = "{The Host Galaxy and Redshift of the Repeating Fast Radio
                  Burst FRB 121102}",
  journal = {\apjl},
archivePrefix = "arXiv",
   eprint = {1701.01100},
 primaryClass = "astro-ph.HE",
 keywords = {galaxies: distances and redshifts, galaxies: dwarf,
                  galaxies: ISM, stars: magnetars, stars: neutron},
     year = 2017,
    month = jan,
   volume = 834,
      eid = {L7},
    pages = {L7},
      doi = {10.3847/2041-8213/834/2/L7},
   adsurl = {http://adsabs.harvard.edu/abs/2017ApJ...834L...7T},
  adsnote = {Provided by the SAO/NASA Astrophysics Data System}
}

@ARTICLE{msh+18,
   author = {{Michilli}, D. and {Seymour}, A. and {Hessels},
                  J.~W.~T. and {Spitler}, L.~G. and {Gajjar}, V. and
                  {Archibald}, A.~M. and {Bower}, G.~C. and
                  {Chatterjee}, S. and {Cordes}, J.~M. and {Gourdji},
                  K. and {Heald}, G.~H. and {Kaspi}, V.~M. and {Law},
                  C.~J. and {Sobey}, C. and {Adams}, E.~A.~K. and
                  {Bassa}, C.~G. and {Bogdanov}, S. and {Brinkman},
                  C. and {Demorest}, P. and {Fernandez}, F. and
                  {Hellbourg}, G. and {Lazio}, T.~J.~W. and {Lynch},
                  R.~S. and {Maddox}, N. and {Marcote}, B. and
                  {McLaughlin}, M.~A. and {Paragi}, Z. and {Ransom},
                  S.~M. and {Scholz}, P. and {Siemion}, A.~P.~V. and
                  {Tendulkar}, S.~P. and {van Rooy}, P. and {Wharton},
                  R.~S. and {Whitlow}, D.},
    title = "{An extreme magneto-ionic environment associated with the
                  fast radio burst source FRB 121102}",
  journal = {\nat},
archivePrefix = "arXiv",
   eprint = {1801.03965},
 primaryClass = "astro-ph.HE",
     year = 2018,
    month = jan,
   volume = 553,
    pages = {182-185},
      doi = {10.1038/nature25149},
   adsurl = {http://adsabs.harvard.edu/abs/2018Natur.553..182M},
  adsnote = {Provided by the SAO/NASA Astrophysics Data System}
}

@ARTICLE{smb+18,
   author = {{Shannon}, R.~M. and {Macquart}, J.-P. and {Bannister},
                  K.~W. and {Ekers}, R.~D. and {James}, C.~W. and
                  {Oslowski}, S. and {Qiu}, H. and {Sammons}, M. and
                  {Hotan}, A.~W. and {Voronkov}, M.~A. and
                  {Beresford}, R.~J. and {Brothers}, M. and {Brown},
                  A.~J. and {Bunton}, J.~D. and {Chippendale},
                  A.~P. and {Haskins}, C. and {Leach}, M. and
                  {Marquarding}, M. and {McConnell}, D. and {Pilawa},
                  M.~A. and {Sadler}, E.~M. and {Troup}, E.~R. and
                  {Tuthill}, J. and {Whiting}, M.~T. and {Allison},
                  J.~R. and {Anderson}, C.~S. and {Bell}, M.~E. and
                  {Collier}, J.~D. and {Gurkan}, G. and {Heald},
                  G. and {Riseley}, C.~J.},
    title = "{The dispersion-brightness relation for fast radio bursts
                  from a wide-field survey.}",
  journal = {\nat},
     year = 2018,
    month = oct,
   volume = 562,
    pages = {386-390},
   adsurl = {http://adsabs.harvard.edu/abs/2018Natur.562..386S},
  adsnote = {Provided by the SAO/NASA Astrophysics Data System}
}

@ARTICLE{chime18,
   author = {{Boyle}, P.~C. and {Chime/Frb Collaboration}},
    title = "{First detection of fast radio bursts between 400 and 800
                  MHz by CHIME/FRB}",
  journal = {The Astronomer's Telegram},
 keywords = {Fast Radio Burst},
     year = 2018,
    month = aug,
   volume = 11901,
   adsurl = {http://adsabs.harvard.edu/abs/2018ATel11901....1B},
  adsnote = {Provided by the SAO/NASA Astrophysics Data System}
}

@ARTICLE{ssh+16b,
   author = {{Scholz}, P. and {Spitler}, L.~G. and {Hessels},
                  J.~W.~T. and {Chatterjee}, S. and {Cordes},
                  J.~M. and {Kaspi}, V.~M. and {Wharton}, R.~S. and
                  {Bassa}, C.~G. and {Bogdanov}, S. and {Camilo},
                  F. and {Crawford}, F. and {Deneva}, J. and {van
                  Leeuwen}, J. and {Lynch}, R. and {Madsen}, E.~C. and
                  {McLaughlin}, M.~A. and {Mickaliger}, M. and
                  {Parent}, E. and {Patel}, C. and {Ransom}, S.~M. and
                  {Seymour}, A. and {Stairs}, I.~H. and {Stappers},
                  B.~W. and {Tendulkar}, S.~P.  },
    title = "{The Repeating Fast Radio Burst FRB 121102:
                  Multi-wavelength Observations and Additional
                  Bursts}",
  journal = {\apj},
archivePrefix = "arXiv",
   eprint = {1603.08880},
 primaryClass = "astro-ph.HE",
 keywords = {pulsars: general, radio continuum: general, stars:
                  neutron, X-rays: general},
     year = 2016,
    month = dec,
   volume = 833,
      eid = {177},
    pages = {177},
      doi = {10.3847/1538-4357/833/2/177},
   adsurl = {http://adsabs.harvard.edu/abs/2016ApJ...833..177S},
  adsnote = {Provided by the SAO/NASA Astrophysics Data System}
}

@ARTICLE{cwh+17,
   author = {{Cordes}, J.~M. and {Wasserman}, I. and {Hessels},
                  J.~W.~T. and {Lazio}, T.~J.~W. and {Chatterjee},
                  S. and {Wharton}, R.~S.},
    title = "{Lensing of Fast Radio Bursts by Plasma Structures in
                  Host Galaxies}",
  journal = {\apj},
archivePrefix = "arXiv",
   eprint = {1703.06580},
 primaryClass = "astro-ph.HE",
 keywords = {galaxies: distances and redshifts, galaxies: ISM,
                  scattering, stars: individual: FRB 121102, stars:
                  magnetars, stars: neutron},
     year = 2017,
    month = jun,
   volume = 842,
      eid = {35},
    pages = {35},
      doi = {10.3847/1538-4357/aa74da},
   adsurl = {http://adsabs.harvard.edu/abs/2017ApJ...842...35C},
  adsnote = {Provided by the SAO/NASA Astrophysics Data System}
}

@ARTICLE{myc+18,
   author = {{Main}, R. and {Yang}, I.-S. and {Chan}, V. and {Li},
                  D. and {Lin}, F.~X. and {Mahajan}, N. and {Pen},
                  U.-L. and {Vanderlinde}, K. and {van Kerkwijk},
                  M.~H.},
    title = "{Pulsar emission amplified and resolved by plasma lensing
                  in an eclipsing binary}",
  journal = {\nat},
archivePrefix = "arXiv",
   eprint = {1805.09348},
 primaryClass = "astro-ph.HE",
     year = 2018,
    month = may,
   volume = 557,
    pages = {522-525},
      doi = {10.1038/s41586-018-0133-z},
   adsurl = {http://adsabs.harvard.edu/abs/2018Natur.557..522M},
  adsnote = {Provided by the SAO/NASA Astrophysics Data System}
}

@ARTICLE{gsp+18,
   author = {{Gajjar}, V. and {Siemion}, A.~P.~V. and {Price},
                  D.~C. and {Law}, C.~J. and {Michilli}, D. and
                  {Hessels}, J.~W.~T. and {Chatterjee}, S. and
                  {Archibald}, A.~M. and {Bower}, G.~C. and
                  {Brinkman}, C. and {Burke-Spolaor}, S. and {Cordes},
                  J.~M. and {Croft}, S. and {Enriquez}, J.~E. and
                  {Foster}, G. and {Gizani}, N. and {Hellbourg},
                  G. and {Isaacson}, H. and {Kaspi}, V.~M. and
                  {Lazio}, T.~J.~W. and {Lebofsky}, M. and {Lynch},
                  R.~S. and {MacMahon}, D. and {McLaughlin}, M.~A. and
                  {Ransom}, S.~M. and {Scholz}, P. and {Seymour},
                  A. and {Spitler}, L.~G. and {Tendulkar}, S.~P. and
                  {Werthimer}, D. and {Zhang}, Y.~G.},
    title = "{Highest Frequency Detection of FRB 121102 at 4-8 GHz
                  Using the Breakthrough Listen Digital Backend at the
                  Green Bank Telescope}",
  journal = {\apj},
archivePrefix = "arXiv",
   eprint = {1804.04101},
 primaryClass = "astro-ph.HE",
 keywords = {radio continuum: stars, stars: neutron, supernovae: general},
     year = 2018,
    month = aug,
   volume = 863,
      eid = {2},
    pages = {2},
      doi = {10.3847/1538-4357/aad005},
   adsurl = {http://adsabs.harvard.edu/abs/2018ApJ...863....2G},
  adsnote = {Provided by the SAO/NASA Astrophysics Data System}
}

@ARTICLE{crh+06,
   author = {{Camilo}, F. and {Ransom}, S.~M. and {Halpern}, J.~P. and
                  {Reynolds}, J. and {Helfand}, D.~J. and {Zimmerman},
                  N. and {Sarkissian}, J.},
    title = "{Transient pulsed radio emission from a magnetar}",
  journal = {\nat},
   eprint = {astro-ph/0605429},
     year = 2006,
    month = aug,
   volume = 442,
    pages = {892-895},
      doi = {10.1038/nature04986},
   adsurl = {http://adsabs.harvard.edu/abs/2006Natur.442..892C},
  adsnote = {Provided by the SAO/NASA Astrophysics Data System}
}

@ARTICLE{crh+07,
   author = {{Camilo}, F. and {Ransom}, S.~M. and {Halpern}, J.~P. and
                  {Reynolds}, J.  },
    title = "{1E 1547.0-5408: A Radio-emitting Magnetar with a
                  Rotation Period of 2 Seconds}",
  journal = {\apjl},
archivePrefix = "arXiv",
   eprint = {0708.0002},
 keywords = {ISM: individual (G327.24-0.13), pulsars: individual (1E 1547.0-5408), pulsars: individual (PSR J1550-5418), pulsars: individual (XTE J1810-197), Stars: Neutron},
     year = 2007,
    month = sep,
   volume = 666,
    pages = {L93-L96},
      doi = {10.1086/521826},
   adsurl = {http://adsabs.harvard.edu/abs/2007ApJ...666L..93C},
  adsnote = {Provided by the SAO/NASA Astrophysics Data System}
}

@ARTICLE{lbb+10,
   author = {{Levin}, L. and {Bailes}, M. and {Bates}, S. and {Bhat},
                  N.~D.~R. and {Burgay}, M. and {Burke-Spolaor},
                  S. and {D'Amico}, N. and {Johnston}, S. and {Keith},
                  M. and {Kramer}, M. and {Milia}, S. and {Possenti},
                  A. and {Rea}, N. and {Stappers}, B. and {van
                  Straten}, W.},
    title = "{A Radio-loud Magnetar in X-ray Quiescence}",
  journal = {\apjl},
archivePrefix = "arXiv",
   eprint = {1007.1052},
 primaryClass = "astro-ph.HE",
 keywords = {pulsars: individual: 1E 1547.0{\ndash}5408 PSR
                  J1622{\ndash}4950 XTE J1810{\ndash}197, stars:
                  magnetars, stars: neutron},
     year = 2010,
    month = sep,
   volume = 721,
    pages = {L33-L37},
      doi = {10.1088/2041-8205/721/1/L33},
   adsurl = {http://adsabs.harvard.edu/abs/2010ApJ...721L..33L},
  adsnote = {Provided by the SAO/NASA Astrophysics Data System}
}

@ARTICLE{efk+13,
   author = {{Eatough}, R.~P. and {Falcke}, H. and {Karuppusamy},
                  R. and {Lee}, K.~J. and {Champion}, D.~J. and
                  {Keane}, E.~F. and {Desvignes}, G. and
                  {Schnitzeler}, D.~H.~F.~M. and {Spitler}, L.~G. and
                  {Kramer}, M. and {Klein}, B. and {Bassa}, C. and
                  {Bower}, G.~C. and {Brunthaler}, A. and {Cognard},
                  I. and {Deller}, A.~T. and {Demorest}, P.~B. and
                  {Freire}, P.~C.~C. and {Kraus}, A. and {Lyne},
                  A.~G. and {Noutsos}, A. and {Stappers}, B. and
                  {Wex}, N.},
    title = "{A strong magnetic field around the supermassive black
                  hole at the centre of the Galaxy}",
  journal = {\nat},
archivePrefix = "arXiv",
   eprint = {1308.3147},
 primaryClass = "astro-ph.GA",
     year = 2013,
    month = sep,
   volume = 501,
    pages = {391-394},
      doi = {10.1038/nature12499},
   adsurl = {http://adsabs.harvard.edu/abs/2013Natur.501..391E},
  adsnote = {Provided by the SAO/NASA Astrophysics Data System}
}

@ARTICLE{crp+07,
   author = {{Camilo}, F. and {Ransom}, S.~M. and {Pe{\~n}alver},
                  J. and {Karastergiou}, A. and {van Kerkwijk},
                  M.~H. and {Durant}, M. and {Halpern}, J.~P. and
                  {Reynolds}, J. and {Thum}, C. and {Helfand},
                  D.~J. and {Zimmerman}, N. and {Cognard}, I.},
    title = "{The Variable Radio-to-X-Ray Spectrum of the Magnetar XTE
                  J1810-197}",
  journal = {\apj},
archivePrefix = "arXiv",
   eprint = {0705.4095},
 keywords = {Stars: Pulsars: Individual: Alphanumeric: XTE J1810-197,
                  Stars: Neutron},
     year = 2007,
    month = nov,
   volume = 669,
    pages = {561-569},
      doi = {10.1086/521548},
   adsurl = {http://adsabs.harvard.edu/abs/2007ApJ...669..561C},
  adsnote = {Provided by the SAO/NASA Astrophysics Data System}
}

@ARTICLE{mm18,
   author = {{Margalit}, B. and {Metzger}, B.~D.},
    title = "{A concordance picture of FRB 121102 as a flaring
                  magnetar embedded in a magnetized ion-electron wind
                  nebula}",
  journal = {ArXiv e-prints},
archivePrefix = "arXiv",
   eprint = {1808.09969},
 primaryClass = "astro-ph.HE",
 keywords = {Astrophysics - High Energy Astrophysical Phenomena},
     year = 2018,
    month = aug,
   adsurl = {http://adsabs.harvard.edu/abs/2018arXiv180809969M},
  adsnote = {Provided by the SAO/NASA Astrophysics Data System}
}

@ARTICLE{aal+17,
   author = {{Anderson}, L.~D. and {Armentrout}, W.~P. and {Luisi},
                  M. and {Bania}, T.~M. and {Balser}, D.~S. and
                  {Wenger}, T.~V.},
    title = "{A Green Bank Telescope Survey of Large Galactic H II
                  Regions}",
  journal = {\apjs},
archivePrefix = "arXiv",
   eprint = {1710.07397},
 keywords = {Galaxy: structure, H ii regions, radio lines: ISM,
                  surveys},
     year = 2018,
    month = feb,
   volume = 234,
      eid = {33},
    pages = {33},
      doi = {10.3847/1538-4365/aa956a},
   adsurl = {http://adsabs.harvard.edu/abs/2018ApJS..234...33A},
  adsnote = {Provided by the SAO/NASA Astrophysics Data System}
}

@ARTICLE{bwa+15,
   author = {{Balser}, D.~S. and {Wenger}, T.~V. and {Anderson},
                  L.~D. and {Bania}, T.~M.},
    title = "{Azimuthal Metallicity Structure in the Milky Way Disk}",
  journal = {\apj},
archivePrefix = "arXiv",
   eprint = {1505.04090},
 keywords = {Galaxy: abundances, H ii regions, radio lines: ISM},
     year = 2015,
    month = jun,
   volume = 806,
      eid = {199},
    pages = {199},
      doi = {10.1088/0004-637X/806/2/199},
   adsurl = {http://adsabs.harvard.edu/abs/2015ApJ...806..199B},
  adsnote = {Provided by the SAO/NASA Astrophysics Data System}
}

@ARTICLE{lab+17,
   author = {{Luisi}, M. and {Anderson}, L.~D. and {Balser}, D.~S. and
                  {Wenger}, T.~V. and {Bania}, T.~M.},
    title = "{Diffuse Ionized Gas in the Milky Way Disk}",
  journal = {\apj},
archivePrefix = "arXiv",
   eprint = {1709.09232},
 keywords = {H II regions, ISM: abundances, ISM: kinematics and
                  dynamics, ISM: structure, radio lines: ISM},
     year = 2017,
    month = nov,
   volume = 849,
      eid = {117},
    pages = {117},
      doi = {10.3847/1538-4357/aa8fd2},
   adsurl = {http://adsabs.harvard.edu/abs/2017ApJ...849..117L},
  adsnote = {Provided by the SAO/NASA Astrophysics Data System}
}

@ARTICLE{mlc+12,
       author = {{McGuire}, Brett A. and {Loomis}, Ryan A. and
                  {Charness}, Cameron M. and {Corby}, Joanna F. and
                  {Blake}, Geoffrey A. and {Hollis}, Jan M.  and
                  {Lovas}, Frank J. and {Jewell}, Philip R. and
                  {Remijan}, Anthony J.},
        title = "{Interstellar Carbodiimide (HNCNH): A New
                  Astronomical Detection from the GBT PRIMOS Survey
                  via Maser Emission Features}",
      journal = {\apj},
     keywords = {astrochemistry, ISM: clouds, ISM: individual objects:
                  Sagittarius B2(N), ISM: molecules, Astrophysics -
                  Astrophysics of Galaxies},
         year = 2012,
        month = Oct,
       volume = {758},
          eid = {L33},
        pages = {L33},
          doi = {10.1088/2041-8205/758/2/L33},
archivePrefix = {arXiv},
       eprint = {1209.1590},
 primaryClass = {astro-ph.GA},
       adsurl = {https://ui.adsabs.harvard.edu/#abs/2012ApJ...758L..33M},
      adsnote = {Provided by the SAO/NASA Astrophysics Data System}
}

@ARTICLE{frsw14,
       author = {{Faure}, A. and {Remijan}, A.~J. and {Szalewicz},
                  K. and {Wiesenfeld}, L.},
        title = "{Weak Maser Emission of Methyl Formate toward
                  Sagittarius B2(N) in the Green Bank Telescope PRIMOS
                  Survey}",
      journal = {\apj},
     keywords = {astrochemistry, ISM: molecules, masers, molecular
                  data, molecular processes, Astrophysics -
                  Astrophysics of Galaxies},
         year = 2014,
        month = Mar,
       volume = {783},
          eid = {72},
        pages = {72},
          doi = {10.1088/0004-637X/783/2/72},
archivePrefix = {arXiv},
       eprint = {1401.1136},
 primaryClass = {astro-ph.GA},
       adsurl = {https://ui.adsabs.harvard.edu/#abs/2014ApJ...783...72F},
      adsnote = {Provided by the SAO/NASA Astrophysics Data System}
}

@ARTICLE{thc+17,
       author = {{Tremblay}, Chenoa D. and {Hurley-Walker}, Natasha
                  and {Cunningham}, Maria and {Jones}, Paul A. and
                  {Hancock}, Paul J. and {Wayth}, Randall and
                  {Jordan}, Christopher H.},
        title = "{A first look for molecules between 103 and 133 MHz
                  using the Murchison Widefield Array}",
      journal = {\mnras},
     keywords = {astrochemistry, molecular data, surveys, stars: AGB
                  and post-AGB, Galaxy: centre, Astrophysics -
                  Astrophysics of Galaxies, Astrophysics -
                  Instrumentation and Methods for Astrophysics},
         year = 2017,
        month = Nov,
       volume = {471},
        pages = {4144-4154},
          doi = {10.1093/mnras/stx1838},
 primaryClass = {astro-ph.GA},
       adsurl = {https://ui.adsabs.harvard.edu/#abs/2017MNRAS.471.4144T},
      adsnote = {Provided by the SAO/NASA Astrophysics Data System}
}

@ARTICLE{mcl+16,
   author = {{McGuire}, B.~A. and {Carroll}, P.~B. and {Loomis},
                  R.~A. and {Finneran}, I.~A. and {Jewell}, P.~R. and
                  {Remijan}, A.~J. and {Blake}, G.~A.},
    title = "{Discovery of the interstellar chiral molecule propylene
                  oxide (CH$_{3}$CHCH$_{2}$O)}",
  journal = {Science},
archivePrefix = "arXiv",
   eprint = {1606.07483},
     year = 2016,
    month = jun,
   volume = 352,
    pages = {1449-1452},
      doi = {10.1126/science.aae0328},
   adsurl = {http://adsabs.harvard.edu/abs/2016Sci...352.1449M},
  adsnote = {Provided by the SAO/NASA Astrophysics Data System}
}

@TECHREPORT{cbcs18,
   author = {{Cataldi}, E.~F. and {Bennett}, C.~T. and {Chen}, X. and
                  {Simone}, S.~A.},
     title = "{First-Generation Students: College Access, Persistence,
                  and Postbachelor’s Outcomes}",
institution = {U.S. Department of Education, Institute of Education
                  Sciences, National Center for Education Statistics},
     year = 2018,
    month = feb,
   number = 2018421
}

@TECHREPORT{che13,
   author = {{Chen}, X.},
     title = "{STEM Attrition: College Students' Paths into and out of
                  STEM Fields}",
institution = {U.S. Department of Education, Institute of Education
                  Sciences, National Center for Education Statistics},
     year = 2013,
    month = nov,
   number = 2014001
}

@ARTICLE{hfb+13,
   author = {{Graham}, M.~J. and {Frederick}, J. and {Byars-Winston},
                  A. and {Hunter}, A. and {Handelsman}, J.},
    title = "{Increasing persistence of college students in STEM}",
  journal = {Science},
     year = 2013,
    month = sep,
   volume = 341,
    pages = {1455-1456},
      doi = {10.1126/science.1240487}
}

@BOOK{lw91,
   author = {{Lave}, J. and {Wenger}, E.}, 
    title = "{Situated Learning: Legitimate Peripheral Participation}",
publisher = {Cambridge University Press},
     year = 1991,
    place = {Cambridge},
   series = {Learning in Doing: Social, Cognitive and Computational
                  Perspectives},
collection = {Learning in Doing: Social, Cognitive and Computational
                  Perspectives},
     isbn = {9780511815355},
      doi = {10.1017/CBO9780511815355}
}

@ARTICLE{wld15,
   author = {{Weston}, T.~J. and {Laursen}, S.~L. and {Dolan}, E.},
    title = "{The Undergraduate Research Student Self-Assessment (URSSA):
                  Validation for Use in Program Evaluation}",
  journal = {CBE—Life Sciences Education},
     year = 2015,
   volume = 14,
   number = 3,
    pages = {ar33},
      doi = {10.1187/cbe.14-11-0206}
}

@ARTICLE{mpl+17,
   author = {{MacMahon}, D.~H.~E. and {Price}, D.~C. and {Lebofsky},
                  M. and {Siemion}, A.~P.~V. and {Croft}, S. and
                  {DeBoer}, D. and {Enriquez}, J.~E. and {Gajjar},
                  V. and {Hellbourg}, G. and {Isaacson}, H. and
                  {Werthimer}, D. and {Abdurashidova}, Z. and {Bloss},
                  M. and {Brandt}, J. and {Creager}, R. and {Ford},
                  J. and {Lynch}, R.~S. and {Maddalena}, R.~J. and
                  {McCullough}, R. and {Ray}, J. and {Whitehead},
                  M. and {Woody}, D.},
    title = "{The Breakthrough Listen Search for Intelligent Life: A
                  Wideband Data Recorder System for the Robert C. Byrd
                  Green Bank Telescope}",
  journal = {\pasp},
archivePrefix = "arXiv",
   eprint = {1707.06024},
 primaryClass = "astro-ph.IM",
     year = 2018,
    month = apr,
   volume = 130,
   number = 4,
    pages = {044502},
      doi = {10.1088/1538-3873/aa80d2},
   adsurl = {http://adsabs.harvard.edu/abs/2018PASP..130d4502M},
  adsnote = {Provided by the SAO/NASA Astrophysics Data System}
}

@INPROCEEDINGS{rpb+18,
   author = {{Rajwade}, K.~M. and {Pingel}, N.~M. and {Black},
                  R.~A. and {Ruzindana}, M. and {Burnett}, M. and
                  {Jeffs}, B. and {Warnick}, K. and {Pisano},
                  D.~J. and {Lorimer}, D.~R. and {Prestage}, R.~M. and
                  {Hawkins}, L. and {Ray}, J. and {Marganian}, P. and
                  {Chamberlin}, T. and {Ford}, J. and {Shillue},
                  W. and {Roshi}, D.~A.},
    title = "{Commissioning of FLAG: A phased array feed for the GBT}",
 keywords = {instrumentation: miscellaneous, stars: neutron, pulsars:
                  general, pulsars: individual (PSR B1933+16, PSR
                  B1929+10, PSR B1937+21)},
booktitle = {Pulsar Astrophysics the Next Fifty Years},
     year = 2018,
   series = {IAU Symposium},
   volume = 337,
archivePrefix = "arXiv",
   eprint = {1710.09650},
 primaryClass = "astro-ph.IM",
   editor = {{Weltevrede}, P. and {Perera}, B.~B.~P. and {Preston},
                  L.~L. and {Sanidas}, S.},
    month = aug,
    pages = {398-399},
      doi = {10.1017/S1743921317009012},
   adsurl = {http://adsabs.harvard.edu/abs/2018IAUS..337..398R},
  adsnote = {Provided by the SAO/NASA Astrophysics Data System}
}

@ARTICLE{ssh+16,
   author = {{Scholz}, P. and {Spitler}, L.~G. and {Hessels},
                  J.~W.~T. and {Chatterjee}, S. and {Cordes},
                  J.~M. and {Kaspi}, V.~M. and {Wharton}, R.~S. and
                  {Bassa}, C.~G. and {Bogdanov}, S. and {Camilo},
                  F. and {Crawford}, F. and {Deneva}, J. and {van
                  Leeuwen}, J. and {Lynch}, R. and {Madsen}, E.~C. and
                  {McLaughlin}, M.~A. and {Mickaliger}, M. and
                  {Parent}, E. and {Patel}, C. and {Ransom}, S.~M. and
                  {Seymour}, A. and {Stairs}, I.~H. and {Stappers},
                  B.~W. and {Tendulkar}, S.~P.  },
    title = "{The Repeating Fast Radio Burst FRB 121102:
                  Multi-wavelength Observations and Additional
                  Bursts}",
  journal = {\apj},
archivePrefix = "arXiv",
   eprint = {1603.08880},
 primaryClass = "astro-ph.HE",
 keywords = {pulsars: general, radio continuum: general, stars:
                  neutron, X-rays: general},
     year = 2016,
    month = dec,
   volume = 833,
      eid = {177},
    pages = {177},
      doi = {10.3847/1538-4357/833/2/177},
   adsurl = {http://adsabs.harvard.edu/abs/2016ApJ...833..177S},
  adsnote = {Provided by the SAO/NASA Astrophysics Data System}
}


@INPROCEEDINGS{asp17,
   author = {{Alkhweldi}, M. and {Schmid}, N.~A. and {Prestage}, R.~M.},
    title = "{A blind transform based approach for the detection of
                  isolated astrophysical pulses}",
booktitle = {2017 IEEE International Conference on Acoustics, Speech
                  and Signal Processing (ICASSP), March 2017, id.1},
     year = 2017,
    month = jun,
      eid = {1},
    pages = {1},
      doi = {10.1109/ICASSP.2017.7952896},
   adsurl = {http://adsabs.harvard.edu/abs/2017icas.confE...1A},
  adsnote = {Provided by the SAO/NASA Astrophysics Data System}
}

@ARTICLE{jcs+17,
   author = {{Jiang}, M. and {Cui}, B.-Y. and {Schmid}, N.~A. and
                  {McLaughlin}, M.~A. and {Cao}, Z.-C.},
    title = "{Wavelet Denoising of Radio Observations of Rotating
                  Radio Transients (RRATs): Improved Timing Parameters
                  for Eight RRATs}",
  journal = {\apj},
archivePrefix = "arXiv",
   eprint = {1711.07808},
 primaryClass = "astro-ph.IM",
 keywords = {methods: data analysis, pulsars: general, stars: neutron,
                  techniques: image processing},
     year = 2017,
    month = sep,
   volume = 847,
      eid = {75},
    pages = {75},
      doi = {10.3847/1538-4357/aa88c3},
   adsurl = {http://adsabs.harvard.edu/abs/2017ApJ...847...75J},
  adsnote = {Provided by the SAO/NASA Astrophysics Data System}
}

@ARTICLE{sp18,
   author = {{Schmid}, N.~A. and {Prestage}, R.~M.},
    title = "{Blind detection of isolated astrophysical pulses in the
                  spatial Fourier transform domain}",
  journal = {\mnras},
 keywords = {methods: data analysis, pulsars: general, cosmology:
                  miscellaneous},
     year = 2018,
    month = jul,
   volume = 477,
    pages = {4052-4062},
      doi = {10.1093/mnras/sty910},
   adsurl = {http://adsabs.harvard.edu/abs/2018MNRAS.477.4052S},
  adsnote = {Provided by the SAO/NASA Astrophysics Data System}
}

@INPROCEEDINGS{as18,
   author = {{Alkhweldi}, M. and {Schmid}, N.~A.},
    title = "{Spatial Fourier Transform for Detection and Analysis of
                  Periodic Astrophysical Pulses}",
booktitle = "{2018 6\textsuperscript{th} IEEE Global Conference on
                  Signal and Information Processing}",
     year = 2018,
    month = nov,
      eid = {1},
    pages = {1},
}
